<?xml version='1.0' encoding='UTF-8'?>
<record xmlns="http://www.loc.gov/MARC21/slim">
  <leader>01113cam a2200241 a 4500</leader>
  <controlfield tag="001">462859</controlfield>
  <controlfield tag="003">NjP</controlfield>
  <controlfield tag="005">20170605130757.0</controlfield>
  <controlfield tag="008">880823s1953    ua a          00010aara d</controlfield>
  <datafield tag="024" ind1="7" ind2=" ">
    <subfield code="a">princeton_aco002269</subfield>
    <subfield code="2">local</subfield>
  </datafield>
  <datafield ind1=" " ind2=" " tag="035">
    <subfield code="a">(OCoLC)6833620</subfield>
  </datafield>
  <datafield ind1=" " ind2=" " tag="035">
    <subfield code="a">(CStRLIN)NJPG88-B42333</subfield>
  </datafield>
  <datafield ind1=" " ind2=" " tag="035">
    <subfield code="9">ACD8515TS</subfield>
  </datafield>
  <datafield ind1=" " ind2=" " tag="040">
    <subfield code="a">NjP</subfield>
    <subfield code="c">NjP</subfield>
  </datafield>
  <datafield ind1=" " ind2=" " tag="043">
    <subfield code="a">f-ua---</subfield>
  </datafield>
  <datafield ind1="1" ind2=" " tag="100">
    <subfield code="a">ʻUrābī, Aḥmad,</subfield>
    <subfield code="d">1840 or 1841-1911.</subfield>
    <subfield code="0">http://id.loc.gov/authorities/names/n83009078</subfield>
  </datafield>
  <datafield ind1="1" ind2="0" tag="245">
    <subfield code="a">Mudhakkirāt ʻUrabī :</subfield>
    <subfield code="b">"kashf al-sitār ʻan sirr al-asrār fī al-nahḍah al-Miṣrīyah, al-mashhūrah bi-al-Thawrah al-ʻUrabīyah, fī ʻāmay 1298 wa-1299 al-Hijrīyatayn, wa-fī 1881 wa-1882 al-Mīlādīyatayn /</subfield>
    <subfield code="c">bi-qalam Aḥmad ʻUrabī.</subfield>
  </datafield>
  <datafield ind1=" " ind2=" " tag="260">
    <subfield code="a">al-Qāhirah :</subfield>
    <subfield code="b">Dār al-Hilāl,</subfield>
    <subfield code="c">1953.</subfield>
  </datafield>
  <datafield ind1=" " ind2=" " tag="300">
    <subfield code="a">2 v. :</subfield>
    <subfield code="b">ill. ;</subfield>
    <subfield code="c">17 cm.</subfield>
  </datafield>
  <datafield ind1="0" ind2=" " tag="490">
    <subfield code="a">Kitāb al-Hilāl ;</subfield>
    <subfield code="v">23-24</subfield>
  </datafield>
  <datafield ind1="1" ind2="0" tag="600">
    <subfield code="a">ʻUrābī, Aḥmad,</subfield>
    <subfield code="d">1840 or 1841-1911</subfield>
    <subfield code="x">Biography.</subfield>
  </datafield>
  <datafield ind1=" " ind2="0" tag="651">
    <subfield code="a">Egypt</subfield>
    <subfield code="x">History</subfield>
    <subfield code="y">Tawfīq, 1879-1892.</subfield>
    <subfield code="0">http://id.loc.gov/authorities/subjects/sh85041303</subfield>
  </datafield>
  <datafield ind1=" " ind2=" " tag="998">
    <subfield code="a">07/11/90</subfield>
    <subfield code="s">9118</subfield>
    <subfield code="n">NjP</subfield>
    <subfield code="w">NJPG88B42333</subfield>
    <subfield code="d">08/23/88</subfield>
    <subfield code="c">JEB</subfield>
    <subfield code="b">JEB</subfield>
    <subfield code="i">900711</subfield>
    <subfield code="l">NJPG</subfield>
  </datafield>
  <datafield ind1=" " ind2=" " tag="911">
    <subfield code="a">19921028</subfield>
  </datafield>
  <datafield ind1=" " ind2=" " tag="912">
    <subfield code="a">19910104000000.0</subfield>
  </datafield>
  <datafield ind1="0" ind2="0" tag="852">
    <subfield code="0">503373</subfield>
    <subfield code="b">nec</subfield>
    <subfield code="t">1</subfield>
    <subfield code="h">DT107.4</subfield>
    <subfield code="i">.U72</subfield>
  </datafield>
  <datafield ind1=" " ind2=" " tag="959">
    <subfield code="a">2000-06-13 00:00:00 -0400</subfield>
  </datafield>
</record>
